@inproceedings{dalal2005histograms,
	title={Histograms of oriented gradients for human detection},
	author={Dalal, Navneet and Triggs, Bill},
	booktitle={2005 IEEE computer society conference on computer vision and pattern recognition (CVPR'05)},
	volume={1},
	pages={886--893},
	year={2005},
	organization={IEEE}
}

@manual{oetiket2007lshort,
    author = {Oetiket, T. and Partl, H. and Hyna and Schlegl, E.},
    title = {The not-so-short introduction to Latex},
    url = {http://www.ctan.org/tex-archive/info/lshort/english/lshort.pdf}
}

@Manual{downes2002shortams,
  title = 	 {{Short Math Guide for \LaTeX{}}},
  author = 	 {Downes,, Michael},
  organization = {American Mathematical Society},
  year = 	 {2002},
  url = 	 {ftp://ftp.ams.org/pub/tex/doc/amsmath/short-math-guide.pdf}
}

@Book{ungar2002uvod,
  author = 	 {Šime Ungar},
  title = 	 {{Uvod u \TeX{} s naglaskom na \LaTeX 2$\epsilon$}},
  publisher = 	 {Odjel za matematiku, Sveučilište J.J.\ Strossmayera u Osijeku},
  year = 	 {2002}
}
